@BOOK{MM,
    author = "Beer, F.P.",
    title = "Mecánica de Materiales",
    number = "5ta. edición",
    year = 2009,
    publisher = "McGraw-Hill"}
    
@online{EsAc,
    author = "EsAcademic",
    title = "Módulo de cizalladura",
    url = "http://www.esacademic.com/dic.nsf/eswiki/817078"
}
@online{Ins,
    author = "Instron",
    title = "Límite proporcional",
    url = "http://www.instron.com.ar/es-ar/our-company/library/glossary/p/proportional-limit"
}
