@BOOK{cengel,
	author = "Yunus A. Çengel",
	title = "Introduction to Thermodynamics and Heat Transfer",
	number = "2 Edición",
	year = "2008",
	publisher = "Mc-Graw Hill"
}
