@BOOK{MM,
    author = "Beer, F.P.",
    title = "Mecánica de Materiales",
    number = "5ta. edición",
    year = 2009,
    publisher = "McGraw-Hill"}
    
@online{EsAc,
    author = "EsAcademic",
    title = "Módulo de cizalladura",
    url = "http://www.esacademic.com/dic.nsf/eswiki/817078"
}
@online{Ins,
    author = "Instron",
    title = "Límite proporcional",
    url = "http://www.instron.com.ar/es-ar/our-company/library/glossary/p/proportional-limit"
}

@BOOK{mantz03,
	author = "Mantz, R. J.",
	title = "Observadores de estados",
	year = "2003",
	publisher = "Universidad Nacional de La Plata"
}

@BOOK{inthamoussou11,
	author = "Inthaoussou, F. A.",
	title = "Nociones de control robusto",
	year = "2011",
	publisher = "Universidad Nacional de La Plata"}

@BOOK{zill09,
	author = "Zill, D. G.",
	title = "Ecuaciones diferenciales con aplicaciones de modelado",
	number = "Novena edición",
	year = "2009",
	publisher = "Brooks \& Cole / Cengage Learning"}

@ONLINE{sim16,
	author = "SimScale",
	title = "What is von Mises Stress?",
	year = "2016",
	url = "https://www.simscale.com/docs/content/simwiki/fea/what-is-von-mises-stress.html"
}

@BOOK{agarwal05,
	author = "Agarwal, A. and Lang, J. H.",
	title = "Foundations of Analog and Digital Electronic Circuits",
	number = "Primera edición",
	year = "2005",
	publisher = "Elsevier Inc."
}

@ONLINE{skybrary16,
	author = "Skybrary",
	title = "Turbofan Engine",
	year = "2016",
	url = "https://www.skybrary.aero/index.php/Turbofan_Engine"	
}

@ONLINE{nasa00,
	author = "NASA's Glenn Research Center",
	title = "Turbofan Engine",
	url = "https://www.grc.nasa.gov/www/k-12/airplane/aturbf.html"
}

@ONLINE{nasa01,
	author = "NASA's Glenn Research Center",
	title = "Turboprop Engine",
	url = "https://www.grc.nasa.gov/WWW/k-12/airplane/aturbp.html"
}

@ONLINE{faa17,
	author = "Federal Aviation Administration",
	title = "Airplane Flying Handbook --- Transition to Turbopropeller-Powered Airplanes",
	year = "2017",
	url = "https://www.faa.gov/regulations_policies/handbooks_manuals/aviation/airplane_handbook/media/16_afh_ch14.pdf"
}

@ONLINE{britannica00,
	author = "Enciclopedia Britannica",
	title = "Turbojet",
	url = "https://www.britannica.com/technology/turbojet"
}

@ONLINE{nasa02,
	title = "Turbojet Engine",
	author = "NASA's Glenn Research Center",
	url = "https://www.grc.nasa.gov/WWW/k-12/airplane/aturbj.html"
}

@ONLINE{pbs00,
	title = "Turboshaft Engines",
	author = "PBS Aerospace",
	url = "https://www.pbsaerospace.com/engines/turboshaft-engines"
}

@ONLINE{wt08,
	title = "RAM Air Turbine",
	author = "White Team",
	year = "2008",
	url = "https://mems.duke.edu/sites/mems.duke.edu/files/RAT%20White%20Final.pdf"
}

@ONLINE{skybrary17,
	title = "Auxiliary Power Unit (APU)",
	author = "Skybrary",
	year = "2017",
	url = "https://www.skybrary.aero/index.php/Auxiliary_Power_Unit_(APU)"
}

@ONLINE{pbs01,
	title = "Auxiliary Power Units",
	author = "PBS Aerospace",
	url = "https://www.pbsaerospace.com/auxilary-power-units"
}

@ONLINE{nasacomb,
	author = "NASA's Glenn Research Center",
	title = "Combustor - Burner",
	url = "https://www.grc.nasa.gov/WWW/K-12/airplane/burner.html"
}

@ONLINE{nag00,
	author = "Q. H. Nagpurwala",
	title = "Design of Gas Turbine Combustors",
	publisher = "Ramaiah School of Advanced Studies",
	url = "http://164.100.133.129:81/econtent/Uploads/12%20PT12-Combustor%2061%20%5BCompatibility%20Mode%5D.pdf"
}

@ONLINE{rset,
	author = "Asst. Professor Akash James",
	title = "Gas Turbine Combustion Chamber",
	publisher = "Dept. of Mechanical Engineering, RSET",
	url = "https://www.rajagiritech.ac.in/Home/mech/Course_Content/Semester%20IV/ME%20204%20Thermal%20Engineering/Module%206.pdf"

}

@ARTICLE{nasa09,
	author = "Teney, Darrel R. and Davis, John G., Jr. and Pipes, R. Byron and Johnston, Norman",
	title = "NASA Composite Materials Development: Lessons Learned and Future Challenges",
	journal = "NASA Langley Research Center",
	DOI = "https://ntrs.nasa.gov/search.jsp?R=20090037429",
	year = "2009"
}

@ONLINE{rsc,
	author = "Royal Society of Chemistry",
	title = "Composite Materials",
	url = "https://www.rsc.org/Education/Teachers/Resources/Inspirational/Resources/4.3.1.pdf"
}

@ARTICLE{owonubi19,
	title = "Fiber-Matrix Relationship for Composites Preparation",
	author = "Owonubi J. Shesan and Agwuncha C. Stephen and Anusionwu G. Chioma and Revaprasadu Neerish and Sadiku E. Rotimi",
	journal = "IntechOpen",
	DOI = "10.5772/intechopen.84753",
	year = "2019"
}

@BOOK{altenbach04,
	title = "Mechanics of Composite Structural Elements",
	author = "Holm Altenbach and Johannes W. Altenbach and Wolfgang Kissing",
	year = "2004",
	number = "First edition",
	publisher = "Springer-Verlag Berlin Heidelberg"
}

@BOOK{campbell10,
	title = "Structural Composite Materials",
	author = "F. C. Campbell",
	year = "2010",
	publisher = "ASM International"
}

@ARTICLE{idowu15,
	title = "The Use of Polypropylene in Bamboo Fibre Composite and their Mechanical Properties – A Review",
	author = "Idowu D. Ibrahim and Tamba Jamiru and Rotimi E. Sadiku and Williams K. Kupolati and Stephen C. Agwuncha and Gbenga Ekundayo",
	year = "2015",
	journal = "Journal of Reinforced Plastics and Composites",
	DOI = "10.1177/0731684415591302"
}

@ARTICLE{li14,
	title = "Stable Orthotropic Materials",
	author = "Yijing Li and Jernej Barbič",
	year = "2014",
	journal = "The Eurographic's Association",
	url = "http://run.usc.edu/orthotropic/LiBarbicStableOrthotropicMaterials-SCA2014.pdf"
}

@ARTICLE{roylance00,
	title = "Laminated Composite Plates",
	author = "David Roylance",
	year = "2000",
	journal = "Department of Material Science and Engineering, MIT",
	url = "http://web.mit.edu/course/3/3.11/www/modules/laminates.pdf"
}

@ARTICLE{sandcore,
	title = "Best Practice Guide for Sandwich Structures in Marine Applications",
	author = "SAND.CORe Co-ordination Action on Advanced Sandwich Structures in the Transport Industries Under European Commission Contract No. FP6-506330",
	url = "https://trimis.ec.europa.eu/sites/default/files/project/documents/20130201_105501_16344_RevisedBPGv1-00---Report-Format.pdf",
	journal = "NewRail, University of Newcastle upon Tyne"
}

@ARTICLE{rajanish13,
	title = "A Review of Failure of Composite Materials",
	author = "Rajanish M. and Dr. Nanjundaradhya N. V. and Dr. Ramesh S. Sharma and Dr. Bhaskar pal",
	journal = "International Journal of Engineering Research and Applications (IJERA)",
	year = "2013",
	url = "http://citeseerx.ist.psu.edu/viewdoc/download?doi=10.1.1.414.6035&rep=rep1&type=pdf"
}

@BOOK{bansal09,
	title = "A Textbook of Strength of Materials",
	year = "2009",
	author = "Dr. R. K. Bansal",
	publisher = "LAXMI PUBLICATIONS (P) LTD"
}

@ARTICLE{li17,
	title = "The Tsai-Wu failure criterion rationalised in the context of UDcomposites",
	author = "Shuguang Li and Elena Sitnikova and Yuning Liang and Abdul-Salam Kaddour",
	journal = "ELSEVIER",
	year = "2017",
	DOI = "https://doi.org/10.1016/j.compositesa.2017.08.007"
}

@ARTICLE{grasso18,
	title = "Implementation of classical and advanced failure criteria for composite layered structures in FEMAP and assessment of results",
	author = "Amadeo Grasso",
	year = "2018",
	journal = "Politecnico Di Torino",
	url = "https://webthesis.biblio.polito.it/6883/1/tesi.pdf"
}

@BOOK{sohel16,
	title = "Advanced Composite Materialsfor Aerospace Engineering",
	author = "Sohel Rana and Raul Fangueiro",
	year = "2016",
	publisher = "Woodhead Publishing"
}

@ARTICLE{mrazova13,
	title = "Advanced composite materials of the future in aerospace industry",
	author = "Maria Mrazova",
	year = "2013",
	journal = "INCAS BULLETIN",
	DOI = "10.13111/2066-8201.2013.5.3.14"
}

@ARTICLE{nayak14,
	title = "Composite Materials in Aerospace Applications",
	author = "Nikhil V. Nayak",
	year = "2014",
	journal = "International Journal of Scientific and Research Publications",
	url = "https://pdfs.semanticscholar.org/3a73/\\9ca726a88cf833ba89708a4944c46457e42d.pdf"

}

@ONLINE{sa19,
	author = "Salt Association",
	title = "How to grow a salt crystal.",
	year = "2019",
	url = "https://www.saltassociation.co.uk/education/properties-of-salt/grow-salt-crystal/"
}

@BOOK{chang13,
	author = "Raymond Chang and Kenneth A. Goldsby",
	title = "Química (11ª Edición)",
	year = "2013",
	publisher = "McGraw-Hill",
	ISBN = "978-607-15-0928-4"
}

@ONLINE{aldebe19,
	title = "Materiales Cristalinos",
	author = "Dra. Sara Aldebe Bilmes and Dr. Fabio Doctorovich",
	year = "Extraído en 2019",
	url = "http://www.bnm.me.gov.ar/giga1/documentos/EL002321.pdf"
}
