@BOOK{MM,
    author = "Beer, F.P.",
    title = "Mecánica de Materiales",
    number = "5ta. edición",
    year = 2009,
    publisher = "McGraw-Hill"}
    
@online{EsAc,
    author = "EsAcademic",
    title = "Módulo de cizalladura",
    url = "http://www.esacademic.com/dic.nsf/eswiki/817078"
}
@online{Ins,
    author = "Instron",
    title = "Límite proporcional",
    url = "http://www.instron.com.ar/es-ar/our-company/library/glossary/p/proportional-limit"
}

@BOOK{mantz03,
	author = "Mantz, R. J.",
	title = "Observadores de estados",
	year = "2003",
	publisher = "Universidad Nacional de La Plata"
}

@BOOK{inthamoussou11,
	author = "Inthaoussou, F. A.",
	title = "Nociones de control robusto",
	year = "2011",
	publisher = "Universidad Nacional de La Plata"}

@BOOK{zill09,
	author = "Zill, D. G.",
	title = "Ecuaciones diferenciales con aplicaciones de modelado",
	number = "Novena edición",
	year = "2009",
	publisher = "Brooks \& Cole / Cengage Learning"}

@ONLINE{sim16,
	author = "SimScale",
	title = "What is von Mises Stress?",
	year = "2016",
	url = "https://www.simscale.com/docs/content/simwiki/fea/what-is-von-mises-stress.html"
}

@BOOK{agarwal05,
	author = "Agarwal, A. and Lang, J. H.",
	title = "Foundations of Analog and Digital Electronic Circuits",
	number = "Primera edición",
	year = "2005",
	publisher = "Elsevier Inc."
}

@ONLINE{skybrary16,
	author = "Skybrary",
	title = "Turbofan Engine",
	year = "2016",
	url = "https://www.skybrary.aero/index.php/Turbofan_Engine"	
}

@ONLINE{nasa00,
	author = "NASA's Glenn Research Center",
	title = "Turbofan Engine",
	url = "https://www.grc.nasa.gov/www/k-12/airplane/aturbf.html"
}

@ONLINE{nasa01,
	author = "NASA's Glenn Research Center",
	title = "Turboprop Engine",
	url = "https://www.grc.nasa.gov/WWW/k-12/airplane/aturbp.html"
}

@ONLINE{faa17,
	author = "Federal Aviation Administration",
	title = "Airplane Flying Handbook --- Transition to Turbopropeller-Powered Airplanes",
	year = "2017",
	url = "https://www.faa.gov/regulations_policies/handbooks_manuals/aviation/airplane_handbook/media/16_afh_ch14.pdf"
}

@ONLINE{britannica00,
	author = "Enciclopedia Britannica",
	title = "Turbojet",
	url = "https://www.britannica.com/technology/turbojet"
}

@ONLINE{nasa02,
	title = "Turbojet Engine",
	author = "NASA's Glenn Research Center",
	url = "https://www.grc.nasa.gov/WWW/k-12/airplane/aturbj.html"
}

@ONLINE{pbs00,
	title = "Turboshaft Engines",
	author = "PBS Aerospace",
	url = "https://www.pbsaerospace.com/engines/turboshaft-engines"
}

@ONLINE{wt08,
	title = "RAM Air Turbine",
	author = "White Team",
	year = "2008",
	url = "https://mems.duke.edu/sites/mems.duke.edu/files/RAT%20White%20Final.pdf"
}

@ONLINE{skybrary17,
	title = "Auxiliary Power Unit (APU)",
	author = "Skybrary",
	year = "2017",
	url = "https://www.skybrary.aero/index.php/Auxiliary_Power_Unit_(APU)"
}

@ONLINE{pbs01,
	title = "Auxiliary Power Units",
	author = "PBS Aerospace",
	url = "https://www.pbsaerospace.com/auxilary-power-units"
}

@ONLINE{nasacomb,
	author = "NASA's Glenn Research Center",
	title = "Combustor - Burner",
	url = "https://www.grc.nasa.gov/WWW/K-12/airplane/burner.html"
}

@ONLINE{nag00,
	author = "Q. H. Nagpurwala",
	title = "Design of Gas Turbine Combustors",
	publisher = "Ramaiah School of Advanced Studies",
	url = "http://164.100.133.129:81/econtent/Uploads/12%20PT12-Combustor%2061%20%5BCompatibility%20Mode%5D.pdf"
}

@ONLINE{rset,
	author = "Asst. Professor Akash James",
	title = "Gas Turbine Combustion Chamber",
	publisher = "Dept. of Mechanical Engineering, RSET",
	url = "https://www.rajagiritech.ac.in/Home/mech/Course_Content/Semester%20IV/ME%20204%20Thermal%20Engineering/Module%206.pdf"

}
