@BOOK{MM,
    author = "Beer, F.P.",
    title = "Mecánica de Materiales",
    number = "5ta. edición",
    year = 2009,
    publisher = "McGraw-Hill"}
    
@online{EsAc,
    author = "EsAcademic",
    title = "Módulo de cizalladura",
    url = "http://www.esacademic.com/dic.nsf/eswiki/817078"
}
@online{Ins,
    author = "Instron",
    title = "Límite proporcional",
    url = "http://www.instron.com.ar/es-ar/our-company/library/glossary/p/proportional-limit"
}

@BOOK{mantz03,
	author = "Mantz, R. J.",
	title = "Observadores de estados",
	year = "2003",
	publisher = "Universidad Nacional de La Plata"
}

@BOOK{inthamoussou11,
	author = "Inthaoussou, F. A.",
	title = "Nociones de control robusto",
	year = "2011",
	publisher = "Universidad Nacional de La Plata"}

@BOOK{zill09,
	author = "Zill, D. G.",
	title = "Ecuaciones diferenciales con aplicaciones de modelado",
	number = "Novena edición",
	year = "2009",
	publisher = "Brooks \& Cole / Cengage Learning"}
