@BOOK{MM,
    author = "Beer, F.P.",
    title = "Mecánica de Materiales",
    number = "5ta. edición",
    year = 2009,
    publisher = "McGraw-Hill"}
    
@online{EsAc,
    author = "EsAcademic",
    title = "Módulo de cizalladura",
    url = "http://www.esacademic.com/dic.nsf/eswiki/817078"
}
@online{Ins,
    author = "Instron",
    title = "Límite proporcional",
    url = "http://www.instron.com.ar/es-ar/our-company/library/glossary/p/proportional-limit"
}

@BOOK{mantz03,
	author = "Mantz, R. J.",
	title = "Observadores de estados",
	year = "2003",
	publisher = "Universidad Nacional de La Plata"
}

@BOOK{inthamoussou11,
	author = "Inthaoussou, F. A.",
	title = "Nociones de control robusto",
	year = "2011",
	publisher = "Universidad Nacional de La Plata"}

@BOOK{zill09,
	author = "Zill, D. G.",
	title = "Ecuaciones diferenciales con aplicaciones de modelado",
	number = "Novena edición",
	year = "2009",
	publisher = "Brooks \& Cole / Cengage Learning"}

@ONLINE{sim16,
	author = "SimScale",
	title = "What is von Mises Stress?",
	year = "2016",
	url = "https://www.simscale.com/docs/content/simwiki/fea/what-is-von-mises-stress.html"
}

@BOOK{agarwal05,
	author = "Agarwal, A. and Lang, J. H.",
	title = "Foundations of Analog and Digital Electronic Circuits",
	number = "Primera edición",
	year = "2005",
	publisher = "Elsevier Inc."
}

@ONLINE{skybrary16,
	author = "Skybrary",
	title = "Turbofan Engine",
	year = "2016",
	url = "https://www.skybrary.aero/index.php/Turbofan_Engine"	
}

@ONLINE{nasa00,
	author = "NASA's Glenn Research Center",
	title = "Turbofan Engine",
	url = "https://www.grc.nasa.gov/www/k-12/airplane/aturbf.html"
}

@ONLINE{nasa01,
	author = "NASA's Glenn Research Center",
	title = "Turboprop Engine",
	url = "https://www.grc.nasa.gov/WWW/k-12/airplane/aturbp.html"
}

@ONLINE{faa17,
	author = "Federal Aviation Administration",
	title = "Airplane Flying Handbook --- Transition to Turbopropeller-Powered Airplanes",
	year = "2017",
	url = "https://www.faa.gov/regulations_policies/handbooks_manuals/aviation/airplane_handbook/media/16_afh_ch14.pdf"
}

@ONLINE{britannica00,
	author = "Enciclopedia Britannica",
	title = "Turbojet",
	url = "https://www.britannica.com/technology/turbojet"
}

@ONLINE{nasa02,
	title = "Turbojet Engine",
	author = "NASA's Glenn Research Center",
	url = "https://www.grc.nasa.gov/WWW/k-12/airplane/aturbj.html"
}

@ONLINE{pbs00,
	title = "Turboshaft Engines",
	author = "PBS Aerospace",
	url = "https://www.pbsaerospace.com/engines/turboshaft-engines"
}

@ONLINE{wt08,
	title = "RAM Air Turbine",
	author = "White Team",
	year = "2008",
	url = "https://mems.duke.edu/sites/mems.duke.edu/files/RAT%20White%20Final.pdf"
}

@ONLINE{skybrary17,
	title = "Auxiliary Power Unit (APU)",
	author = "Skybrary",
	year = "2017",
	url = "https://www.skybrary.aero/index.php/Auxiliary_Power_Unit_(APU)"
}

@ONLINE{pbs01,
	title = "Auxiliary Power Units",
	author = "PBS Aerospace",
	url = "https://www.pbsaerospace.com/auxilary-power-units"
}

@ONLINE{deloitte,
	title = "Manufactura en México --- Fabricando un mundo cambiante",
	author = "Deloitte Consulting Group S.C.",
	year = "2017",
	url = "https://www2.deloitte.com/content/dam/Deloitte/mx/Documents/manufacturing/Servicios-para-Manufactura-2017.pdf"
}

@BOOK{groover10,
	title = "Fundamentals of Modern Manufacturing --- Materials, Processes, and Systems",
	author = "Mikell P. Groover",
	year = "2010",
	publisher = "John Wiley \& Sons, Inc.",
	number = "Cuarta Edicion"
}

@ONLINE{engguy15,
	title = "The Ingenious Design of the Aluminum Beverage Can [Archivo de video]",
	author = "Bill Hammack",
	year = "2015",
	url = "https://www.youtube.com/watch?v=hUhisi2FBuw"
}

@ONLINE{upc,
	title = "Introducción a los Microcontroladores",
	author = "Universidad Politécnica de Cartagena",
	url = "www.bolanosdj.com.ar/MICRO/INTRODUCMICRCONT.pdf"
}

@ONLINE{jones20,
	title = "Introduction to Integrated Circuit Technology",
	author = "Scotten W. Jones",
	publisher = "IC Knowledge LLC",
	year = "2012",
	url = "https://www.icknowledge.com/freecontent/Introduction%20to%20IC%20technology%20rev%205.pdf"
}

@ONLINE{ard20,
	title = "What is Arduino?",
	author = "Arduino",
	year = "2020",
	url = "https://www.arduino.cc/en/Guide/Introduction"
}
